@INBOOK{decastro,
 chapter = {aiNet: An Artificial Immune Network for Data Analysis},
 title = {Data Mining: a Heuristic Approach},
 publisher = {Idea Group Publishing},
 year = {2001},
 editor = {Hussein A. Abbass and Ruhul Sarker and Charles Newton},
 author = {Leandro Nunes de Castro and Fernando Jos\'{e} Von Zuben},
 isbn = {1-930708-26-2}
}

@book{bishop,
 author = {Bishop, Christopher M.},
 title = {Pattern Recognition and Machine Learning (Information Science and Statistics)},
 year = {2006},
 isbn = {0387310738},
 publisher = {Springer-Verlag New York, Inc.},
 address = {Secaucus, NJ, USA},
} 

@book{norvig,
    author = {Russell, Stuart J. and Norvig, Peter},
    citeulike-article-id = {709475},
    citeulike-linkout-0 = {http://portal.acm.org/citation.cfm?id=773294},
    isbn = {0137903952},
    keywords = {ai, books},
    posted-at = {2006-08-09 11:54:13},
    priority = {2},
    publisher = {Pearson Education},
    title = {{Artificial Intelligence: A Modern Approach}},
    url = {http://portal.acm.org/citation.cfm?id=773294},
    year = {2003}
}

@book{dasgupta,
  title={Artificial immune systems and their applications},
  author={Dasgupta, D.},
  isbn={9783540643906},
  lccn={98035558},
  url={http://books.google.ca/books?id=uxRrAAAAMAAJ},
  year={1999},
  publisher={Springer}
}
